@article{thepaper,
  author = {Brett G. Amidan and Danny J. Orton and Brian L. LarMarche and Matthew E. Monroe and Ronald J. Moore and Alexander M. Venzin and Richard D. Smith and Landon H. Sego and Mark F. Tardiff and Samuel H. Payne},
  title = {Signatures for Mass Spectrometry Data Quality},
  journal = {Journal of Proteome Research},
  year = {2014},
  volume = {13},
  number = {4},
  pages = {2215-2222}}
